<record xmlns="http://www.loc.gov/MARC21/slim" xmlns:xsi="http://www.w3.org/2001/XMLSchema-instance" xsi:schemaLocation="http://www.loc.gov/MARC21/slim http://www.loc.gov/standards/marcxml/schema/MARC21slim.xsd"><leader>01523nam a2200349   4500</leader><controlfield tag="001">001367187</controlfield><controlfield tag="003">NNU</controlfield><controlfield tag="006">m        d        </controlfield><controlfield tag="007">cr cn |||m|||a</controlfield><controlfield tag="008">150223s1903    ua      o     000 0 ara d</controlfield><datafield ind1=" " ind2=" " tag="040"><subfield code="a">NNU</subfield><subfield code="b">eng</subfield><subfield code="c">NNU</subfield></datafield><datafield ind1=" " ind2="4" tag="050"><subfield code="a">PJ7711</subfield><subfield code="b">.A2 1903</subfield></datafield><datafield ind1=" " ind2=" " tag="066"><subfield code="c">(3</subfield></datafield><datafield ind1="0" ind2=" " tag="130"><subfield code="a">Arabian nights.</subfield></datafield><datafield ind1="1" ind2="0" tag="245"><subfield code="6">880-01</subfield><subfield code="a">Kit&#257;b Alf laylah wa-laylah</subfield><subfield code="h">[electronic resource] /</subfield><subfield code="c">A&#7717;mad &#699;Al&#299; al-Mal&#299;j&#299;.</subfield></datafield><datafield ind1=" " ind2=" " tag="250"><subfield code="6">880-02</subfield><subfield code="a">al-&#7788;ab&#699;ah 4.</subfield></datafield><datafield ind1=" " ind2=" " tag="260"><subfield code="6">880-03</subfield><subfield code="a">Mi&#7779;r :</subfield><subfield code="b">al-Ma&#7789;ba&#699;at al-&#699;&#256;mirah al-Sharq&#299;yah,</subfield><subfield code="c">1321 [1903 or 1904]</subfield></datafield><datafield ind1=" " ind2=" " tag="300"><subfield code="a">online resource (4 v. in 2)</subfield></datafield><datafield ind1=" " ind2=" " tag="500"><subfield code="a">Part of the Arabic Collections Online (ACO) project, contributed by New York Univeristy Libraries.</subfield></datafield><datafield ind1=" " ind2=" " tag="533"><subfield code="a">Electronic reproduction.</subfield><subfield code="b">New York, N.Y. :</subfield><subfield code="c">New York University,</subfield><subfield code="d">2015.</subfield><subfield code="5">NNU</subfield></datafield><datafield ind1=" " ind2="0" tag="650"><subfield code="a">Tales</subfield><subfield code="z">Middle East.</subfield></datafield><datafield ind1="1" ind2=" " tag="700"><subfield code="6">880-04</subfield><subfield code="a">Mal&#299;j&#299;, A&#7717;mad &#699;Al&#299;</subfield></datafield><datafield ind1="2" ind2=" " tag="710"><subfield code="a">New York University.</subfield><subfield code="b">Libraries.</subfield></datafield><datafield ind1="0" ind2=" " tag="730"><subfield code="a">Arabic Collections Online.</subfield></datafield><datafield ind1="0" ind2="8" tag="776"><subfield code="i">Print version:</subfield><subfield code="t">Kit&#257;b Alf laylah wa-laylah</subfield><subfield code="w">(NNU)001367187</subfield></datafield><datafield ind1="4" ind2="0" tag="856"><subfield code="u">http://hdl.handle.net/2333.1/vmcvdqq5</subfield></datafield><datafield ind1="1" ind2="0" tag="880"><subfield code="6">245-01/</subfield><subfield code="a">&#1603;&#1578;&#1575;&#1576; &#1571;&#1604;&#1601; &#1604;&#1610;&#1604;&#1577; &#1608;&#1604;&#1610;&#1604;&#1577; /</subfield><subfield code="c">&#1571;&#1581;&#1605;&#1583; &#1593;&#1604;&#1610; &#1575;&#1604;&#1605;&#1604;&#1610;&#1580;&#1610;.</subfield></datafield><datafield ind1=" " ind2=" " tag="880"><subfield code="6">250-02/</subfield><subfield code="a">&#1575;&#1604;&#1591;&#1576;&#1593;&#1577; &#1636;.</subfield></datafield><datafield ind1=" " ind2=" " tag="880"><subfield code="6">260-03/</subfield><subfield code="a">&#1605;&#1589;&#1585; :</subfield><subfield code="b">&#1575;&#1575;&#1604;&#1605;&#1591;&#1576;&#1593;&#1577; &#1575;&#1604;&#1593;&#1575;&#1605;&#1585;&#1577; &#1575;&#1604;&#1588;&#1585;&#1602;&#1610;&#1577;&#1548;</subfield><subfield code="c">&#1633;&#1635;&#1634;&#1633;.</subfield></datafield><datafield ind1="1" ind2=" " tag="880"><subfield code="6">700-04/</subfield><subfield code="a">&#1605;&#1604;&#1610;&#1580;&#1610;&#1548; &#1571;&#1581;&#1605;&#1583; &#1593;&#1604;&#1610;.</subfield></datafield><datafield ind1=" " ind2=" " tag="959"><subfield code="a">NNU</subfield><subfield code="b">WEB</subfield><subfield code="c">GENI</subfield><subfield code="t">0</subfield><subfield code="m">Electronic access</subfield><subfield code="s">01</subfield></datafield><datafield ind1=" " ind2=" " tag="999"><subfield code="i">NNU_001367187</subfield><subfield code="s">nyu_aco000103:v.1/2</subfield><subfield code="s">nyu_aco000104:v.3/4</subfield><subfield code="e">(ERROR-880)</subfield></datafield></record>